@book{Rasmussen2006Gaussian,
  title={Gaussian Processes for Machine Learning},
  author={Rasmussen, Carl Edward and Williams, Christopher K. I.},
  year={2006},
  publisher={MIT Press},
  address={Cambridge, MA}
}

@inproceedings{Eriksson2019Scalable,
    author = {Eriksson, David and Pearce, Michael and Gardner, Jacob and Turner, Ryan D and Poloczek, Matthias},
    booktitle = {Advances in Neural Information Processing Systems},
    pages = {},
    title = {Scalable Global Optimization via Local Bayesian Optimization},
    year = {2019}
}
